@book{Linn,
	author = {C. Linn, S. Debray},
	title = {Obfuscation of Executable Code to Improve Resistance to Static Disassembly},
	language = {russian},
	publisher =  {ACM Portal – The Guide to computing literature},
	media = {eresource},
	url = {http://portal.acm.org/ citation.cfm?id=948149},
	note = {(дата обращения: 29.04.2010)}
}

@online{Assembly,
	title = {IA-32 Assembly Language Reference Manual},
	language = {russian},
	media = {eresource},
	url = {http://docs.sun.com/app/docs/doc/806-3773},
	note = {(дата обращения: 29.04.2010)}
}

@book{Rosenblum,
	author = {N. Rosenblum, X. Zhu and B. Miller and K. Hunt},
	title = {Machine Learning-Assisted Binary Code Analysis},
	language = {russian},
	publisher =  {NIPS 2007 Workshop on Machine Learning in Adversarial Environments for Computer Security},
	media = {eresource},
	url = {http://mlsnips07.first.fraunhofer.de/abstracts/16-Rosenblum.pdf},
	note = {(дата обращения: 29.04.2010)}
}

@book{Silic,
	author = {A. Šilić, J. Chauchat and B.D. Bašić and A. Morin},
	title = {N-grams and Morphological Normalization in Text Classification: a Comparison on a Croatian-English Parallel Corpus.},
	language = {russian},
	publisher =  {SpringerLink},
	media = {eresource},
	url = {http://www.springerlink.com/content/t45u6740713896x5/},
	note = {(дата обращения: 29.04.2010)}
}

@online{PeID,
	title = {PeID},
	language = {russian},
	media = {eresource},
	url = {http://www.peid.info/},
	note = {(дата обращения: 29.04.2010)}
}